@book{audiosuperresusingneuralnets2017,
	author = "Kuleshov, Enam, Ermon",
	title = "Audio Super-Resolution Using Neural Nets",
	year = "2017"	
	}
